%YAML 1.1
%TAG !u! tag:unity3d.com,2011:
--- !u!29 &1
OcclusionCullingSettings:
  m_ObjectHideFlags: 0
  serializedVersion: 2
  m_OcclusionBakeSettings:
    smallestOccluder: 5
    smallestHole: 0.25
    backfaceThreshold: 100
  m_SceneGUID: 00000000000000000000000000000000
  m_OcclusionCullingData: {fileID: 0}
--- !u!104 &2
RenderSettings:
  m_ObjectHideFlags: 0
  serializedVersion: 7
  m_Fog: 0
  m_FogColor: {r: 0.5, g: 0.5, b: 0.5, a: 1}
  m_FogMode: 3
  m_FogDensity: 0.01
  m_LinearFogStart: 0
  m_LinearFogEnd: 300
  m_AmbientSkyColor: {r: 0.212, g: 0.227, b: 0.259, a: 1}
  m_AmbientEquatorColor: {r: 0.114, g: 0.125, b: 0.133, a: 1}
  m_AmbientGroundColor: {r: 0.047, g: 0.043, b: 0.035, a: 1}
  m_AmbientIntensity: 1
  m_AmbientMode: 0
  m_SkyboxMaterial: {fileID: 10304, guid: 0000000000000000f000000000000000, type: 0}
  m_HaloStrength: 0.5
  m_FlareStrength: 1
  m_FlareFadeSpeed: 3
  m_HaloTexture: {fileID: 0}
  m_SpotCookie: {fileID: 10001, guid: 0000000000000000e000000000000000, type: 0}
  m_DefaultReflectionMode: 0
  m_DefaultReflectionResolution: 128
  m_ReflectionBounces: 1
  m_ReflectionIntensity: 1
  m_CustomReflection: {fileID: 0}
  m_Sun: {fileID: 0}
  m_IndirectSpecularColor: {r: 0.16788468, g: 0.21073797, b: 0.28994536, a: 1}
--- !u!157 &3
LightmapSettings:
  m_ObjectHideFlags: 0
  serializedVersion: 7
  m_GIWorkflowMode: 0
  m_GISettings:
    serializedVersion: 2
    m_BounceScale: 1
    m_IndirectOutputScale: 1
    m_AlbedoBoost: 1
    m_TemporalCoherenceThreshold: 1
    m_EnvironmentLightingMode: 0
    m_EnableBakedLightmaps: 1
    m_EnableRealtimeLightmaps: 1
  m_LightmapEditorSettings:
    serializedVersion: 4
    m_Resolution: 2
    m_BakeResolution: 40
    m_TextureWidth: 1024
    m_TextureHeight: 1024
    m_AO: 0
    m_AOMaxDistance: 1
    m_CompAOExponent: 1
    m_CompAOExponentDirect: 0
    m_Padding: 2
    m_LightmapParameters: {fileID: 0}
    m_LightmapsBakeMode: 1
    m_TextureCompression: 1
    m_DirectLightInLightProbes: 1
    m_FinalGather: 0
    m_FinalGatherFiltering: 1
    m_FinalGatherRayCount: 256
    m_ReflectionCompression: 2
  m_LightingDataAsset: {fileID: 0}
  m_RuntimeCPUUsage: 25
--- !u!196 &4
NavMeshSettings:
  serializedVersion: 2
  m_ObjectHideFlags: 0
  m_BuildSettings:
    serializedVersion: 2
    agentTypeID: 0
    agentRadius: 0.5
    agentHeight: 2
    agentSlope: 45
    agentClimb: 0.4
    ledgeDropHeight: 0
    maxJumpAcrossDistance: 0
    minRegionArea: 2
    manualCellSize: 0
    cellSize: 0.16666667
    accuratePlacement: 0
  m_NavMeshData: {fileID: 0}
--- !u!1 &1819707
GameObject:
  m_ObjectHideFlags: 0
  m_PrefabParentObject: {fileID: 1000010288665450, guid: eeb8b81f035b61545a824f8f2e6951c9,
    type: 2}
  m_PrefabInternal: {fileID: 0}
  serializedVersion: 5
  m_Component:
  - component: {fileID: 1819708}
  m_Layer: 0
  m_Name: BasicPlaneSceene
  m_TagString: Untagged
  m_Icon: {fileID: 0}
  m_NavMeshLayer: 0
  m_StaticEditorFlags: 0
  m_IsActive: 1
--- !u!4 &1819708
Transform:
  m_ObjectHideFlags: 0
  m_PrefabParentObject: {fileID: 4000010879538038, guid: eeb8b81f035b61545a824f8f2e6951c9,
    type: 2}
  m_PrefabInternal: {fileID: 0}
  m_GameObject: {fileID: 1819707}
  m_LocalRotation: {x: 0, y: 0, z: 0, w: 1}
  m_LocalPosition: {x: -2.3120575, y: 1.23, z: -2.777032}
  m_LocalScale: {x: 1, y: 1, z: 1}
  m_Children:
  - {fileID: 322445159}
  - {fileID: 1064890804}
  - {fileID: 1447018334}
  - {fileID: 1774740543}
  - {fileID: 224319254}
  m_Father: {fileID: 0}
  m_RootOrder: 0
  m_LocalEulerAnglesHint: {x: 0, y: 0, z: 0}
--- !u!1 &50724159
GameObject:
  m_ObjectHideFlags: 0
  m_PrefabParentObject: {fileID: 1000013936658826, guid: eeb8b81f035b61545a824f8f2e6951c9,
    type: 2}
  m_PrefabInternal: {fileID: 0}
  serializedVersion: 5
  m_Component:
  - component: {fileID: 50724160}
  - component: {fileID: 50724161}
  m_Layer: 0
  m_Name: WallCollider (2)
  m_TagString: Untagged
  m_Icon: {fileID: 0}
  m_NavMeshLayer: 0
  m_StaticEditorFlags: 0
  m_IsActive: 1
--- !u!4 &50724160
Transform:
  m_ObjectHideFlags: 0
  m_PrefabParentObject: {fileID: 4000013170409144, guid: eeb8b81f035b61545a824f8f2e6951c9,
    type: 2}
  m_PrefabInternal: {fileID: 0}
  m_GameObject: {fileID: 50724159}
  m_LocalRotation: {x: -0, y: -0, z: -0, w: 1}
  m_LocalPosition: {x: 0, y: 0, z: 0}
  m_LocalScale: {x: 1, y: 1, z: 1}
  m_Children: []
  m_Father: {fileID: 1064890804}
  m_RootOrder: 2
  m_LocalEulerAnglesHint: {x: 0, y: 0, z: 0}
--- !u!65 &50724161
BoxCollider:
  m_ObjectHideFlags: 0
  m_PrefabParentObject: {fileID: 65000011064180360, guid: eeb8b81f035b61545a824f8f2e6951c9,
    type: 2}
  m_PrefabInternal: {fileID: 0}
  m_GameObject: {fileID: 50724159}
  m_Material: {fileID: 0}
  m_IsTrigger: 0
  m_Enabled: 1
  serializedVersion: 2
  m_Size: {x: 11, y: 40, z: 1}
  m_Center: {x: 0, y: 20, z: 5.45}
--- !u!1 &224319253
GameObject:
  m_ObjectHideFlags: 0
  m_PrefabParentObject: {fileID: 0}
  m_PrefabInternal: {fileID: 0}
  serializedVersion: 5
  m_Component:
  - component: {fileID: 224319254}
  m_Layer: 0
  m_Name: Points
  m_TagString: Untagged
  m_Icon: {fileID: 0}
  m_NavMeshLayer: 0
  m_StaticEditorFlags: 0
  m_IsActive: 1
--- !u!4 &224319254
Transform:
  m_ObjectHideFlags: 0
  m_PrefabParentObject: {fileID: 0}
  m_PrefabInternal: {fileID: 0}
  m_GameObject: {fileID: 224319253}
  m_LocalRotation: {x: -0, y: -0, z: -0, w: 1}
  m_LocalPosition: {x: 0, y: 0, z: 0}
  m_LocalScale: {x: 1, y: 1, z: 1}
  m_Children:
  - {fileID: 1396374358}
  - {fileID: 1312698069}
  - {fileID: 1651556417}
  m_Father: {fileID: 1819708}
  m_RootOrder: 4
  m_LocalEulerAnglesHint: {x: 0, y: 0, z: 0}
--- !u!1 &322445158
GameObject:
  m_ObjectHideFlags: 0
  m_PrefabParentObject: {fileID: 1000012306278912, guid: eeb8b81f035b61545a824f8f2e6951c9,
    type: 2}
  m_PrefabInternal: {fileID: 0}
  serializedVersion: 5
  m_Component:
  - component: {fileID: 322445159}
  - component: {fileID: 322445160}
  m_Layer: 0
  m_Name: Directional Light
  m_TagString: Untagged
  m_Icon: {fileID: 0}
  m_NavMeshLayer: 0
  m_StaticEditorFlags: 0
  m_IsActive: 1
--- !u!4 &322445159
Transform:
  m_ObjectHideFlags: 0
  m_PrefabParentObject: {fileID: 4000014117074866, guid: eeb8b81f035b61545a824f8f2e6951c9,
    type: 2}
  m_PrefabInternal: {fileID: 0}
  m_GameObject: {fileID: 322445158}
  m_LocalRotation: {x: 0.40821788, y: -0.23456968, z: 0.10938163, w: 0.8754261}
  m_LocalPosition: {x: 2.3120575, y: 98.77, z: 2.777032}
  m_LocalScale: {x: 1, y: 1, z: 1}
  m_Children: []
  m_Father: {fileID: 1819708}
  m_RootOrder: 0
  m_LocalEulerAnglesHint: {x: 50, y: -30, z: 0}
--- !u!108 &322445160
Light:
  m_ObjectHideFlags: 0
  m_PrefabParentObject: {fileID: 108000013139475468, guid: eeb8b81f035b61545a824f8f2e6951c9,
    type: 2}
  m_PrefabInternal: {fileID: 0}
  m_GameObject: {fileID: 322445158}
  m_Enabled: 1
  serializedVersion: 7
  m_Type: 1
  m_Color: {r: 1, g: 0.95686275, b: 0.8392157, a: 1}
  m_Intensity: 1.4
  m_Range: 10
  m_SpotAngle: 30
  m_CookieSize: 10
  m_Shadows:
    m_Type: 2
    m_Resolution: -1
    m_CustomResolution: -1
    m_Strength: 1
    m_Bias: 0.05
    m_NormalBias: 0.4
    m_NearPlane: 0.2
  m_Cookie: {fileID: 0}
  m_DrawHalo: 0
  m_Flare: {fileID: 0}
  m_RenderMode: 0
  m_CullingMask:
    serializedVersion: 2
    m_Bits: 4294967295
  m_Lightmapping: 4
  m_AreaSize: {x: 1, y: 1}
  m_BounceIntensity: 1
  m_ShadowRadius: 0
  m_ShadowAngle: 0
--- !u!1 &571405090
GameObject:
  m_ObjectHideFlags: 0
  m_PrefabParentObject: {fileID: 1000011924932680, guid: eeb8b81f035b61545a824f8f2e6951c9,
    type: 2}
  m_PrefabInternal: {fileID: 0}
  serializedVersion: 5
  m_Component:
  - component: {fileID: 571405091}
  - component: {fileID: 571405092}
  m_Layer: 0
  m_Name: WallCollider
  m_TagString: Untagged
  m_Icon: {fileID: 0}
  m_NavMeshLayer: 0
  m_StaticEditorFlags: 0
  m_IsActive: 1
--- !u!4 &571405091
Transform:
  m_ObjectHideFlags: 0
  m_PrefabParentObject: {fileID: 4000012991835962, guid: eeb8b81f035b61545a824f8f2e6951c9,
    type: 2}
  m_PrefabInternal: {fileID: 0}
  m_GameObject: {fileID: 571405090}
  m_LocalRotation: {x: 0, y: 0, z: 0, w: 1}
  m_LocalPosition: {x: 0, y: 0, z: 0}
  m_LocalScale: {x: 1, y: 1, z: 1}
  m_Children: []
  m_Father: {fileID: 1064890804}
  m_RootOrder: 0
  m_LocalEulerAnglesHint: {x: 0, y: 0, z: 0}
--- !u!65 &571405092
BoxCollider:
  m_ObjectHideFlags: 0
  m_PrefabParentObject: {fileID: 65000010000021128, guid: eeb8b81f035b61545a824f8f2e6951c9,
    type: 2}
  m_PrefabInternal: {fileID: 0}
  m_GameObject: {fileID: 571405090}
  m_Material: {fileID: 0}
  m_IsTrigger: 0
  m_Enabled: 1
  serializedVersion: 2
  m_Size: {x: 1, y: 40, z: 11}
  m_Center: {x: 5.45, y: 20, z: 0}
--- !u!1 &678133589
GameObject:
  m_ObjectHideFlags: 0
  m_PrefabParentObject: {fileID: 1000011982292520, guid: eeb8b81f035b61545a824f8f2e6951c9,
    type: 2}
  m_PrefabInternal: {fileID: 0}
  serializedVersion: 5
  m_Component:
  - component: {fileID: 678133590}
  - component: {fileID: 678133591}
  m_Layer: 0
  m_Name: WallCollider (1)
  m_TagString: Untagged
  m_Icon: {fileID: 0}
  m_NavMeshLayer: 0
  m_StaticEditorFlags: 0
  m_IsActive: 1
--- !u!4 &678133590
Transform:
  m_ObjectHideFlags: 0
  m_PrefabParentObject: {fileID: 4000010827013270, guid: eeb8b81f035b61545a824f8f2e6951c9,
    type: 2}
  m_PrefabInternal: {fileID: 0}
  m_GameObject: {fileID: 678133589}
  m_LocalRotation: {x: -0, y: -0, z: -0, w: 1}
  m_LocalPosition: {x: 0, y: 0, z: 0}
  m_LocalScale: {x: 1, y: 1, z: 1}
  m_Children: []
  m_Father: {fileID: 1064890804}
  m_RootOrder: 1
  m_LocalEulerAnglesHint: {x: 0, y: 0, z: 0}
--- !u!65 &678133591
BoxCollider:
  m_ObjectHideFlags: 0
  m_PrefabParentObject: {fileID: 65000012166007400, guid: eeb8b81f035b61545a824f8f2e6951c9,
    type: 2}
  m_PrefabInternal: {fileID: 0}
  m_GameObject: {fileID: 678133589}
  m_Material: {fileID: 0}
  m_IsTrigger: 0
  m_Enabled: 1
  serializedVersion: 2
  m_Size: {x: 1, y: 40, z: 11}
  m_Center: {x: -5.45, y: 20, z: 0}
--- !u!1 &692487613
GameObject:
  m_ObjectHideFlags: 0
  m_PrefabParentObject: {fileID: 1000013434886754, guid: eeb8b81f035b61545a824f8f2e6951c9,
    type: 2}
  m_PrefabInternal: {fileID: 0}
  serializedVersion: 5
  m_Component:
  - component: {fileID: 692487614}
  - component: {fileID: 692487615}
  m_Layer: 0
  m_Name: WallCollider (3)
  m_TagString: Untagged
  m_Icon: {fileID: 0}
  m_NavMeshLayer: 0
  m_StaticEditorFlags: 0
  m_IsActive: 1
--- !u!4 &692487614
Transform:
  m_ObjectHideFlags: 0
  m_PrefabParentObject: {fileID: 4000010678397858, guid: eeb8b81f035b61545a824f8f2e6951c9,
    type: 2}
  m_PrefabInternal: {fileID: 0}
  m_GameObject: {fileID: 692487613}
  m_LocalRotation: {x: -0, y: -0, z: -0, w: 1}
  m_LocalPosition: {x: 0, y: 0, z: 0}
  m_LocalScale: {x: 1, y: 1, z: 1}
  m_Children: []
  m_Father: {fileID: 1064890804}
  m_RootOrder: 3
  m_LocalEulerAnglesHint: {x: 0, y: 0, z: 0}
--- !u!65 &692487615
BoxCollider:
  m_ObjectHideFlags: 0
  m_PrefabParentObject: {fileID: 65000010115402918, guid: eeb8b81f035b61545a824f8f2e6951c9,
    type: 2}
  m_PrefabInternal: {fileID: 0}
  m_GameObject: {fileID: 692487613}
  m_Material: {fileID: 0}
  m_IsTrigger: 0
  m_Enabled: 1
  serializedVersion: 2
  m_Size: {x: 11, y: 40, z: 1}
  m_Center: {x: 0, y: 20, z: -5.45}
--- !u!1 &1064890803
GameObject:
  m_ObjectHideFlags: 0
  m_PrefabParentObject: {fileID: 1000014023623698, guid: eeb8b81f035b61545a824f8f2e6951c9,
    type: 2}
  m_PrefabInternal: {fileID: 0}
  serializedVersion: 5
  m_Component:
  - component: {fileID: 1064890804}
  - component: {fileID: 1064890807}
  - component: {fileID: 1064890806}
  - component: {fileID: 1064890805}
  m_Layer: 0
  m_Name: Plane
  m_TagString: Untagged
  m_Icon: {fileID: 0}
  m_NavMeshLayer: 0
  m_StaticEditorFlags: 0
  m_IsActive: 1
--- !u!4 &1064890804
Transform:
  m_ObjectHideFlags: 0
  m_PrefabParentObject: {fileID: 4000011615960356, guid: eeb8b81f035b61545a824f8f2e6951c9,
    type: 2}
  m_PrefabInternal: {fileID: 0}
  m_GameObject: {fileID: 1064890803}
  m_LocalRotation: {x: -0, y: -0, z: -0, w: 1}
  m_LocalPosition: {x: 0, y: 0, z: 0}
  m_LocalScale: {x: 10, y: 1, z: 10}
  m_Children:
  - {fileID: 571405091}
  - {fileID: 678133590}
  - {fileID: 50724160}
  - {fileID: 692487614}
  - {fileID: 1381697181}
  m_Father: {fileID: 1819708}
  m_RootOrder: 1
  m_LocalEulerAnglesHint: {x: 0, y: 0, z: 0}
--- !u!23 &1064890805
MeshRenderer:
  m_ObjectHideFlags: 0
  m_PrefabParentObject: {fileID: 23000012393593184, guid: eeb8b81f035b61545a824f8f2e6951c9,
    type: 2}
  m_PrefabInternal: {fileID: 0}
  m_GameObject: {fileID: 1064890803}
  m_Enabled: 1
  m_CastShadows: 1
  m_ReceiveShadows: 1
  m_MotionVectors: 1
  m_LightProbeUsage: 1
  m_ReflectionProbeUsage: 1
  m_Materials:
  - {fileID: 2100000, guid: 04e04f5cb4b26124eafab481481c0763, type: 2}
  m_StaticBatchInfo:
    firstSubMesh: 0
    subMeshCount: 0
  m_StaticBatchRoot: {fileID: 0}
  m_ProbeAnchor: {fileID: 0}
  m_LightProbeVolumeOverride: {fileID: 0}
  m_ScaleInLightmap: 1
  m_PreserveUVs: 1
  m_IgnoreNormalsForChartDetection: 0
  m_ImportantGI: 0
  m_SelectedEditorRenderState: 3
  m_MinimumChartSize: 4
  m_AutoUVMaxDistance: 0.5
  m_AutoUVMaxAngle: 89
  m_LightmapParameters: {fileID: 0}
  m_SortingLayerID: 0
  m_SortingOrder: 0
--- !u!64 &1064890806
MeshCollider:
  m_ObjectHideFlags: 0
  m_PrefabParentObject: {fileID: 64000013403951282, guid: eeb8b81f035b61545a824f8f2e6951c9,
    type: 2}
  m_PrefabInternal: {fileID: 0}
  m_GameObject: {fileID: 1064890803}
  m_Material: {fileID: 0}
  m_IsTrigger: 0
  m_Enabled: 1
  serializedVersion: 2
  m_Convex: 0
  m_InflateMesh: 0
  m_SkinWidth: 0.01
  m_Mesh: {fileID: 10209, guid: 0000000000000000e000000000000000, type: 0}
--- !u!33 &1064890807
MeshFilter:
  m_ObjectHideFlags: 0
  m_PrefabParentObject: {fileID: 33000012178077170, guid: eeb8b81f035b61545a824f8f2e6951c9,
    type: 2}
  m_PrefabInternal: {fileID: 0}
  m_GameObject: {fileID: 1064890803}
  m_Mesh: {fileID: 10209, guid: 0000000000000000e000000000000000, type: 0}
--- !u!1 &1312698068
GameObject:
  m_ObjectHideFlags: 0
  m_PrefabParentObject: {fileID: 0}
  m_PrefabInternal: {fileID: 0}
  serializedVersion: 5
  m_Component:
  - component: {fileID: 1312698069}
  m_Layer: 0
  m_Name: Point (1)
  m_TagString: Untagged
  m_Icon: {fileID: -1412012063857583412, guid: 0000000000000000d000000000000000, type: 0}
  m_NavMeshLayer: 0
  m_StaticEditorFlags: 0
  m_IsActive: 1
--- !u!4 &1312698069
Transform:
  m_ObjectHideFlags: 0
  m_PrefabParentObject: {fileID: 0}
  m_PrefabInternal: {fileID: 0}
  m_GameObject: {fileID: 1312698068}
  m_LocalRotation: {x: -0, y: -0, z: -0, w: 1}
  m_LocalPosition: {x: 0.53, y: 0, z: 0}
  m_LocalScale: {x: 1, y: 1, z: 1}
  m_Children: []
  m_Father: {fileID: 224319254}
  m_RootOrder: 1
  m_LocalEulerAnglesHint: {x: 0, y: 0, z: 0}
--- !u!1 &1381697180
GameObject:
  m_ObjectHideFlags: 0
  m_PrefabParentObject: {fileID: 1000010292715270, guid: eeb8b81f035b61545a824f8f2e6951c9,
    type: 2}
  m_PrefabInternal: {fileID: 0}
  serializedVersion: 5
  m_Component:
  - component: {fileID: 1381697181}
  - component: {fileID: 1381697182}
  m_Layer: 0
  m_Name: WallCollider (4)
  m_TagString: Untagged
  m_Icon: {fileID: 0}
  m_NavMeshLayer: 0
  m_StaticEditorFlags: 0
  m_IsActive: 1
--- !u!4 &1381697181
Transform:
  m_ObjectHideFlags: 0
  m_PrefabParentObject: {fileID: 4000011799765318, guid: eeb8b81f035b61545a824f8f2e6951c9,
    type: 2}
  m_PrefabInternal: {fileID: 0}
  m_GameObject: {fileID: 1381697180}
  m_LocalRotation: {x: -0, y: -0, z: -0, w: 1}
  m_LocalPosition: {x: 0, y: 0, z: 0}
  m_LocalScale: {x: 1, y: 1, z: 1}
  m_Children: []
  m_Father: {fileID: 1064890804}
  m_RootOrder: 4
  m_LocalEulerAnglesHint: {x: 0, y: 0, z: 0}
--- !u!65 &1381697182
BoxCollider:
  m_ObjectHideFlags: 0
  m_PrefabParentObject: {fileID: 65000010438694858, guid: eeb8b81f035b61545a824f8f2e6951c9,
    type: 2}
  m_PrefabInternal: {fileID: 0}
  m_GameObject: {fileID: 1381697180}
  m_Material: {fileID: 0}
  m_IsTrigger: 0
  m_Enabled: 1
  serializedVersion: 2
  m_Size: {x: 10, y: 10, z: 10}
  m_Center: {x: 0, y: 40, z: 0}
--- !u!1 &1396374357
GameObject:
  m_ObjectHideFlags: 0
  m_PrefabParentObject: {fileID: 0}
  m_PrefabInternal: {fileID: 0}
  serializedVersion: 5
  m_Component:
  - component: {fileID: 1396374358}
  m_Layer: 0
  m_Name: Point
  m_TagString: Untagged
  m_Icon: {fileID: -1412012063857583412, guid: 0000000000000000d000000000000000, type: 0}
  m_NavMeshLayer: 0
  m_StaticEditorFlags: 0
  m_IsActive: 1
--- !u!4 &1396374358
Transform:
  m_ObjectHideFlags: 0
  m_PrefabParentObject: {fileID: 0}
  m_PrefabInternal: {fileID: 0}
  m_GameObject: {fileID: 1396374357}
  m_LocalRotation: {x: -0, y: -0, z: -0, w: 1}
  m_LocalPosition: {x: -11.39, y: 0, z: 0}
  m_LocalScale: {x: 1, y: 1, z: 1}
  m_Children: []
  m_Father: {fileID: 224319254}
  m_RootOrder: 0
  m_LocalEulerAnglesHint: {x: 0, y: 0, z: 0}
--- !u!1 &1447018333
GameObject:
  m_ObjectHideFlags: 0
  m_PrefabParentObject: {fileID: 1000010429329740, guid: eeb8b81f035b61545a824f8f2e6951c9,
    type: 2}
  m_PrefabInternal: {fileID: 0}
  serializedVersion: 5
  m_Component:
  - component: {fileID: 1447018334}
  - component: {fileID: 1447018338}
  - component: {fileID: 1447018337}
  - component: {fileID: 1447018336}
  - component: {fileID: 1447018335}
  m_Layer: 0
  m_Name: Main Camera
  m_TagString: MainCamera
  m_Icon: {fileID: 0}
  m_NavMeshLayer: 0
  m_StaticEditorFlags: 0
  m_IsActive: 1
--- !u!4 &1447018334
Transform:
  m_ObjectHideFlags: 0
  m_PrefabParentObject: {fileID: 4000013755563226, guid: eeb8b81f035b61545a824f8f2e6951c9,
    type: 2}
  m_PrefabInternal: {fileID: 0}
  m_GameObject: {fileID: 1447018333}
  m_LocalRotation: {x: 0.7071068, y: 0, z: 0, w: 0.7071068}
  m_LocalPosition: {x: 0, y: 45, z: 0}
  m_LocalScale: {x: 1, y: 1, z: 1}
  m_Children: []
  m_Father: {fileID: 1819708}
  m_RootOrder: 2
  m_LocalEulerAnglesHint: {x: 90, y: 0, z: 0}
--- !u!81 &1447018335
AudioListener:
  m_ObjectHideFlags: 0
  m_PrefabParentObject: {fileID: 81000010004044390, guid: eeb8b81f035b61545a824f8f2e6951c9,
    type: 2}
  m_PrefabInternal: {fileID: 0}
  m_GameObject: {fileID: 1447018333}
  m_Enabled: 1
--- !u!124 &1447018336
Behaviour:
  m_ObjectHideFlags: 0
  m_PrefabParentObject: {fileID: 124000013501103108, guid: eeb8b81f035b61545a824f8f2e6951c9,
    type: 2}
  m_PrefabInternal: {fileID: 0}
  m_GameObject: {fileID: 1447018333}
  m_Enabled: 1
--- !u!92 &1447018337
Behaviour:
  m_ObjectHideFlags: 0
  m_PrefabParentObject: {fileID: 92000012134652326, guid: eeb8b81f035b61545a824f8f2e6951c9,
    type: 2}
  m_PrefabInternal: {fileID: 0}
  m_GameObject: {fileID: 1447018333}
  m_Enabled: 1
--- !u!20 &1447018338
Camera:
  m_ObjectHideFlags: 0
  m_PrefabParentObject: {fileID: 20000010181024392, guid: eeb8b81f035b61545a824f8f2e6951c9,
    type: 2}
  m_PrefabInternal: {fileID: 0}
  m_GameObject: {fileID: 1447018333}
  m_Enabled: 1
  serializedVersion: 2
  m_ClearFlags: 1
  m_BackGroundColor: {r: 0.19215687, g: 0.3019608, b: 0.4745098, a: 0}
  m_NormalizedViewPortRect:
    serializedVersion: 2
    x: 0
    y: 0
    width: 1
    height: 1
  near clip plane: 0.3
  far clip plane: 1000
  field of view: 45
  orthographic: 0
  orthographic size: 5
  m_Depth: -1
  m_CullingMask:
    serializedVersion: 2
    m_Bits: 4294967295
  m_RenderingPath: -1
  m_TargetTexture: {fileID: 0}
  m_TargetDisplay: 0
  m_TargetEye: 3
  m_HDR: 0
  m_OcclusionCulling: 1
  m_StereoConvergence: 10
  m_StereoSeparation: 0.022
  m_StereoMirrorMode: 0
--- !u!1 &1651556416
GameObject:
  m_ObjectHideFlags: 0
  m_PrefabParentObject: {fileID: 0}
  m_PrefabInternal: {fileID: 0}
  serializedVersion: 5
  m_Component:
  - component: {fileID: 1651556417}
  m_Layer: 0
  m_Name: Point (2)
  m_TagString: Untagged
  m_Icon: {fileID: -1412012063857583412, guid: 0000000000000000d000000000000000, type: 0}
  m_NavMeshLayer: 0
  m_StaticEditorFlags: 0
  m_IsActive: 1
--- !u!4 &1651556417
Transform:
  m_ObjectHideFlags: 0
  m_PrefabParentObject: {fileID: 0}
  m_PrefabInternal: {fileID: 0}
  m_GameObject: {fileID: 1651556416}
  m_LocalRotation: {x: -0, y: -0, z: -0, w: 1}
  m_LocalPosition: {x: 11.93, y: 0, z: 0}
  m_LocalScale: {x: 1, y: 1, z: 1}
  m_Children: []
  m_Father: {fileID: 224319254}
  m_RootOrder: 2
  m_LocalEulerAnglesHint: {x: 0, y: 0, z: 0}
--- !u!1 &1774740542
GameObject:
  m_ObjectHideFlags: 0
  m_PrefabParentObject: {fileID: 0}
  m_PrefabInternal: {fileID: 0}
  serializedVersion: 5
  m_Component:
  - component: {fileID: 1774740543}
  - component: {fileID: 1774740544}
  m_Layer: 0
  m_Name: Respawn
  m_TagString: Untagged
  m_Icon: {fileID: -964228994112308473, guid: 0000000000000000d000000000000000, type: 0}
  m_NavMeshLayer: 0
  m_StaticEditorFlags: 0
  m_IsActive: 1
--- !u!4 &1774740543
Transform:
  m_ObjectHideFlags: 0
  m_PrefabParentObject: {fileID: 0}
  m_PrefabInternal: {fileID: 0}
  m_GameObject: {fileID: 1774740542}
  m_LocalRotation: {x: 0, y: 0, z: 0, w: 1}
  m_LocalPosition: {x: 0.3, y: 0, z: -15.8}
  m_LocalScale: {x: 1, y: 1, z: 1}
  m_Children: []
  m_Father: {fileID: 1819708}
  m_RootOrder: 3
  m_LocalEulerAnglesHint: {x: 0, y: 0, z: 0}
--- !u!114 &1774740544
MonoBehaviour:
  m_ObjectHideFlags: 0
  m_PrefabParentObject: {fileID: 0}
  m_PrefabInternal: {fileID: 0}
  m_GameObject: {fileID: 1774740542}
  m_Enabled: 1
  m_EditorHideFlags: 0
  m_Script: {fileID: 11500000, guid: 3982b475f4acf7f4bb6d4d8042c14b4f, type: 3}
  m_Name: 
  m_EditorClassIdentifier: 
  _aiPrefab: {fileID: 1901021943263598, guid: cbb8a3d5a7a3a614b869532211b7fa68, type: 2}
  _pointsContainer: {fileID: 224319254}
  _respawnPoint: {fileID: 1774740543}
  _timeToWait: 10
