%YAML 1.1
%TAG !u! tag:unity3d.com,2011:
--- !u!29 &1
SceneSettings:
  m_ObjectHideFlags: 0
  m_PVSData: 
  m_PVSObjectsArray: []
  m_PVSPortalsArray: []
  m_OcclusionBakeSettings:
    smallestOccluder: 5
    smallestHole: 0.25
    backfaceThreshold: 100
--- !u!104 &2
RenderSettings:
  m_ObjectHideFlags: 0
  serializedVersion: 7
  m_Fog: 0
  m_FogColor: {r: 0.5, g: 0.5, b: 0.5, a: 1}
  m_FogMode: 3
  m_FogDensity: 0.01
  m_LinearFogStart: 0
  m_LinearFogEnd: 300
  m_AmbientSkyColor: {r: 0.212, g: 0.227, b: 0.259, a: 1}
  m_AmbientEquatorColor: {r: 0.114, g: 0.125, b: 0.133, a: 1}
  m_AmbientGroundColor: {r: 0.047, g: 0.043, b: 0.035, a: 1}
  m_AmbientIntensity: 1
  m_AmbientMode: 0
  m_SkyboxMaterial: {fileID: 10304, guid: 0000000000000000f000000000000000, type: 0}
  m_HaloStrength: 0.5
  m_FlareStrength: 1
  m_FlareFadeSpeed: 3
  m_HaloTexture: {fileID: 0}
  m_SpotCookie: {fileID: 10001, guid: 0000000000000000e000000000000000, type: 0}
  m_DefaultReflectionMode: 0
  m_DefaultReflectionResolution: 128
  m_ReflectionBounces: 1
  m_ReflectionIntensity: 1
  m_CustomReflection: {fileID: 0}
  m_Sun: {fileID: 0}
  m_IndirectSpecularColor: {r: 0.18053737, g: 0.22602034, b: 0.30719092, a: 1}
--- !u!157 &3
LightmapSettings:
  m_ObjectHideFlags: 0
  serializedVersion: 7
  m_GIWorkflowMode: 0
  m_GISettings:
    serializedVersion: 2
    m_BounceScale: 1
    m_IndirectOutputScale: 1
    m_AlbedoBoost: 1
    m_TemporalCoherenceThreshold: 1
    m_EnvironmentLightingMode: 0
    m_EnableBakedLightmaps: 1
    m_EnableRealtimeLightmaps: 1
  m_LightmapEditorSettings:
    serializedVersion: 4
    m_Resolution: 2
    m_BakeResolution: 40
    m_TextureWidth: 1024
    m_TextureHeight: 1024
    m_AO: 0
    m_AOMaxDistance: 1
    m_CompAOExponent: 1
    m_CompAOExponentDirect: 0
    m_Padding: 2
    m_LightmapParameters: {fileID: 0}
    m_LightmapsBakeMode: 1
    m_TextureCompression: 1
    m_DirectLightInLightProbes: 1
    m_FinalGather: 0
    m_FinalGatherFiltering: 1
    m_FinalGatherRayCount: 256
    m_ReflectionCompression: 2
  m_LightingDataAsset: {fileID: 0}
  m_RuntimeCPUUsage: 25
--- !u!196 &4
NavMeshSettings:
  serializedVersion: 2
  m_ObjectHideFlags: 0
  m_BuildSettings:
    serializedVersion: 2
    agentRadius: 0.5
    agentHeight: 2
    agentSlope: 45
    agentClimb: 0.4
    ledgeDropHeight: 0
    maxJumpAcrossDistance: 0
    accuratePlacement: 0
    minRegionArea: 2
    cellSize: 0.16666667
    manualCellSize: 0
  m_NavMeshData: {fileID: 23800000, guid: ec3ce3b38f582ea48831baae641640be, type: 2}
--- !u!1 &219458625
GameObject:
  m_ObjectHideFlags: 0
  m_PrefabParentObject: {fileID: 1000010429329740, guid: eeb8b81f035b61545a824f8f2e6951c9,
    type: 2}
  m_PrefabInternal: {fileID: 0}
  serializedVersion: 4
  m_Component:
  - 4: {fileID: 219458626}
  - 20: {fileID: 219458630}
  - 92: {fileID: 219458629}
  - 124: {fileID: 219458628}
  - 81: {fileID: 219458627}
  m_Layer: 0
  m_Name: Main Camera
  m_TagString: MainCamera
  m_Icon: {fileID: 0}
  m_NavMeshLayer: 0
  m_StaticEditorFlags: 0
  m_IsActive: 1
--- !u!4 &219458626
Transform:
  m_ObjectHideFlags: 0
  m_PrefabParentObject: {fileID: 4000013755563226, guid: eeb8b81f035b61545a824f8f2e6951c9,
    type: 2}
  m_PrefabInternal: {fileID: 0}
  m_GameObject: {fileID: 219458625}
  m_LocalRotation: {x: 0.38268343, y: 0, z: 0, w: 0.92387956}
  m_LocalPosition: {x: 0, y: 66.47, z: -70}
  m_LocalScale: {x: 1, y: 1, z: 1}
  m_LocalEulerAnglesHint: {x: 45, y: 0, z: 0}
  m_Children: []
  m_Father: {fileID: 342618159}
  m_RootOrder: 0
--- !u!81 &219458627
AudioListener:
  m_ObjectHideFlags: 0
  m_PrefabParentObject: {fileID: 81000010004044390, guid: eeb8b81f035b61545a824f8f2e6951c9,
    type: 2}
  m_PrefabInternal: {fileID: 0}
  m_GameObject: {fileID: 219458625}
  m_Enabled: 1
--- !u!124 &219458628
Behaviour:
  m_ObjectHideFlags: 0
  m_PrefabParentObject: {fileID: 124000013501103108, guid: eeb8b81f035b61545a824f8f2e6951c9,
    type: 2}
  m_PrefabInternal: {fileID: 0}
  m_GameObject: {fileID: 219458625}
  m_Enabled: 1
--- !u!92 &219458629
Behaviour:
  m_ObjectHideFlags: 0
  m_PrefabParentObject: {fileID: 92000012134652326, guid: eeb8b81f035b61545a824f8f2e6951c9,
    type: 2}
  m_PrefabInternal: {fileID: 0}
  m_GameObject: {fileID: 219458625}
  m_Enabled: 1
--- !u!20 &219458630
Camera:
  m_ObjectHideFlags: 0
  m_PrefabParentObject: {fileID: 20000010181024392, guid: eeb8b81f035b61545a824f8f2e6951c9,
    type: 2}
  m_PrefabInternal: {fileID: 0}
  m_GameObject: {fileID: 219458625}
  m_Enabled: 1
  serializedVersion: 2
  m_ClearFlags: 1
  m_BackGroundColor: {r: 0.19215687, g: 0.3019608, b: 0.4745098, a: 0}
  m_NormalizedViewPortRect:
    serializedVersion: 2
    x: 0
    y: 0
    width: 1
    height: 1
  near clip plane: 0.3
  far clip plane: 1000
  field of view: 45
  orthographic: 0
  orthographic size: 5
  m_Depth: -1
  m_CullingMask:
    serializedVersion: 2
    m_Bits: 4294967295
  m_RenderingPath: -1
  m_TargetTexture: {fileID: 0}
  m_TargetDisplay: 0
  m_TargetEye: 3
  m_HDR: 0
  m_OcclusionCulling: 1
  m_StereoConvergence: 10
  m_StereoSeparation: 0.022
  m_StereoMirrorMode: 0
--- !u!1 &342618158
GameObject:
  m_ObjectHideFlags: 0
  m_PrefabParentObject: {fileID: 1000010288665450, guid: eeb8b81f035b61545a824f8f2e6951c9,
    type: 2}
  m_PrefabInternal: {fileID: 0}
  serializedVersion: 4
  m_Component:
  - 4: {fileID: 342618159}
  m_Layer: 0
  m_Name: BasicPlaneSceene
  m_TagString: Untagged
  m_Icon: {fileID: 0}
  m_NavMeshLayer: 0
  m_StaticEditorFlags: 0
  m_IsActive: 1
--- !u!4 &342618159
Transform:
  m_ObjectHideFlags: 0
  m_PrefabParentObject: {fileID: 4000010879538038, guid: eeb8b81f035b61545a824f8f2e6951c9,
    type: 2}
  m_PrefabInternal: {fileID: 0}
  m_GameObject: {fileID: 342618158}
  m_LocalRotation: {x: 0, y: 0, z: 0, w: 1}
  m_LocalPosition: {x: -2.3120575, y: 1.23, z: -2.777032}
  m_LocalScale: {x: 1, y: 1, z: 1}
  m_LocalEulerAnglesHint: {x: 0, y: 0, z: 0}
  m_Children:
  - {fileID: 219458626}
  - {fileID: 2120283164}
  - {fileID: 403864380}
  - {fileID: 1260982897}
  - {fileID: 1784961984}
  m_Father: {fileID: 0}
  m_RootOrder: 0
--- !u!1 &403864379
GameObject:
  m_ObjectHideFlags: 0
  m_PrefabParentObject: {fileID: 1000014023623698, guid: eeb8b81f035b61545a824f8f2e6951c9,
    type: 2}
  m_PrefabInternal: {fileID: 0}
  serializedVersion: 4
  m_Component:
  - 4: {fileID: 403864380}
  - 33: {fileID: 403864383}
  - 64: {fileID: 403864382}
  - 23: {fileID: 403864381}
  m_Layer: 0
  m_Name: Plane
  m_TagString: Untagged
  m_Icon: {fileID: 0}
  m_NavMeshLayer: 0
  m_StaticEditorFlags: 4294967295
  m_IsActive: 1
--- !u!4 &403864380
Transform:
  m_ObjectHideFlags: 0
  m_PrefabParentObject: {fileID: 4000011615960356, guid: eeb8b81f035b61545a824f8f2e6951c9,
    type: 2}
  m_PrefabInternal: {fileID: 0}
  m_GameObject: {fileID: 403864379}
  m_LocalRotation: {x: -0, y: -0, z: -0, w: 1}
  m_LocalPosition: {x: 0, y: 0, z: 0}
  m_LocalScale: {x: 10, y: 1, z: 10}
  m_LocalEulerAnglesHint: {x: 0, y: 0, z: 0}
  m_Children: []
  m_Father: {fileID: 342618159}
  m_RootOrder: 2
--- !u!23 &403864381
MeshRenderer:
  m_ObjectHideFlags: 0
  m_PrefabParentObject: {fileID: 23000012393593184, guid: eeb8b81f035b61545a824f8f2e6951c9,
    type: 2}
  m_PrefabInternal: {fileID: 0}
  m_GameObject: {fileID: 403864379}
  m_Enabled: 1
  m_CastShadows: 1
  m_ReceiveShadows: 1
  m_MotionVectors: 1
  m_LightProbeUsage: 1
  m_ReflectionProbeUsage: 1
  m_Materials:
  - {fileID: 2100000, guid: 04e04f5cb4b26124eafab481481c0763, type: 2}
  m_SubsetIndices: 
  m_StaticBatchRoot: {fileID: 0}
  m_ProbeAnchor: {fileID: 0}
  m_LightProbeVolumeOverride: {fileID: 0}
  m_ScaleInLightmap: 1
  m_PreserveUVs: 1
  m_IgnoreNormalsForChartDetection: 0
  m_ImportantGI: 0
  m_SelectedWireframeHidden: 0
  m_MinimumChartSize: 4
  m_AutoUVMaxDistance: 0.5
  m_AutoUVMaxAngle: 89
  m_LightmapParameters: {fileID: 0}
  m_SortingLayerID: 0
  m_SortingOrder: 0
--- !u!64 &403864382
MeshCollider:
  m_ObjectHideFlags: 0
  m_PrefabParentObject: {fileID: 64000013403951282, guid: eeb8b81f035b61545a824f8f2e6951c9,
    type: 2}
  m_PrefabInternal: {fileID: 0}
  m_GameObject: {fileID: 403864379}
  m_Material: {fileID: 0}
  m_IsTrigger: 0
  m_Enabled: 1
  serializedVersion: 2
  m_Convex: 0
  m_Mesh: {fileID: 10209, guid: 0000000000000000e000000000000000, type: 0}
--- !u!33 &403864383
MeshFilter:
  m_ObjectHideFlags: 0
  m_PrefabParentObject: {fileID: 33000012178077170, guid: eeb8b81f035b61545a824f8f2e6951c9,
    type: 2}
  m_PrefabInternal: {fileID: 0}
  m_GameObject: {fileID: 403864379}
  m_Mesh: {fileID: 10209, guid: 0000000000000000e000000000000000, type: 0}
--- !u!1 &678497909
GameObject:
  m_ObjectHideFlags: 0
  m_PrefabParentObject: {fileID: 1000012049086460, guid: eeb8b81f035b61545a824f8f2e6951c9,
    type: 2}
  m_PrefabInternal: {fileID: 0}
  serializedVersion: 4
  m_Component:
  - 4: {fileID: 678497910}
  - 33: {fileID: 678497914}
  - 65: {fileID: 678497913}
  - 23: {fileID: 678497912}
  - 114: {fileID: 678497911}
  m_Layer: 0
  m_Name: Eyes
  m_TagString: Untagged
  m_Icon: {fileID: 0}
  m_NavMeshLayer: 0
  m_StaticEditorFlags: 0
  m_IsActive: 1
--- !u!4 &678497910
Transform:
  m_ObjectHideFlags: 0
  m_PrefabParentObject: {fileID: 4000013846092488, guid: eeb8b81f035b61545a824f8f2e6951c9,
    type: 2}
  m_PrefabInternal: {fileID: 0}
  m_GameObject: {fileID: 678497909}
  m_LocalRotation: {x: -0, y: -0, z: -0, w: 1}
  m_LocalPosition: {x: 0, y: -0.9408844, z: 0.5899997}
  m_LocalScale: {x: 1, y: 0.86225367, z: 2.1776752}
  m_LocalEulerAnglesHint: {x: 0, y: 0, z: 0}
  m_Children: []
  m_Father: {fileID: 1980549512}
  m_RootOrder: 0
--- !u!114 &678497911
MonoBehaviour:
  m_ObjectHideFlags: 0
  m_PrefabParentObject: {fileID: 114000013570075170, guid: eeb8b81f035b61545a824f8f2e6951c9,
    type: 2}
  m_PrefabInternal: {fileID: 0}
  m_GameObject: {fileID: 678497909}
  m_Enabled: 1
  m_EditorHideFlags: 0
  m_Script: {fileID: 11500000, guid: dde5c33f5492a45489d1bde083097bae, type: 3}
  m_Name: 
  m_EditorClassIdentifier: 
  _rayLength: 4
  _visableUpVector: 0
  _visableDownVector: 0
  _visableLeftVector: 0
  _visableRightVector: 0
  _visableForwardVector: 1
  _visableBackVector: 0
--- !u!23 &678497912
MeshRenderer:
  m_ObjectHideFlags: 0
  m_PrefabParentObject: {fileID: 23000013658913034, guid: eeb8b81f035b61545a824f8f2e6951c9,
    type: 2}
  m_PrefabInternal: {fileID: 0}
  m_GameObject: {fileID: 678497909}
  m_Enabled: 1
  m_CastShadows: 1
  m_ReceiveShadows: 1
  m_MotionVectors: 1
  m_LightProbeUsage: 1
  m_ReflectionProbeUsage: 1
  m_Materials:
  - {fileID: 2100000, guid: 9b93329474e542044bec76ad536cfec1, type: 2}
  m_SubsetIndices: 
  m_StaticBatchRoot: {fileID: 0}
  m_ProbeAnchor: {fileID: 0}
  m_LightProbeVolumeOverride: {fileID: 0}
  m_ScaleInLightmap: 1
  m_PreserveUVs: 1
  m_IgnoreNormalsForChartDetection: 0
  m_ImportantGI: 0
  m_SelectedWireframeHidden: 0
  m_MinimumChartSize: 4
  m_AutoUVMaxDistance: 0.5
  m_AutoUVMaxAngle: 89
  m_LightmapParameters: {fileID: 0}
  m_SortingLayerID: 0
  m_SortingOrder: 0
--- !u!65 &678497913
BoxCollider:
  m_ObjectHideFlags: 0
  m_PrefabParentObject: {fileID: 65000012272561426, guid: eeb8b81f035b61545a824f8f2e6951c9,
    type: 2}
  m_PrefabInternal: {fileID: 0}
  m_GameObject: {fileID: 678497909}
  m_Material: {fileID: 0}
  m_IsTrigger: 0
  m_Enabled: 1
  serializedVersion: 2
  m_Size: {x: 1, y: 1, z: 1}
  m_Center: {x: 0, y: 0, z: 0}
--- !u!33 &678497914
MeshFilter:
  m_ObjectHideFlags: 0
  m_PrefabParentObject: {fileID: 33000010674828882, guid: eeb8b81f035b61545a824f8f2e6951c9,
    type: 2}
  m_PrefabInternal: {fileID: 0}
  m_GameObject: {fileID: 678497909}
  m_Mesh: {fileID: 10202, guid: 0000000000000000e000000000000000, type: 0}
--- !u!1 &1260982895
GameObject:
  m_ObjectHideFlags: 0
  m_PrefabParentObject: {fileID: 1000010180480414, guid: eeb8b81f035b61545a824f8f2e6951c9,
    type: 2}
  m_PrefabInternal: {fileID: 0}
  serializedVersion: 4
  m_Component:
  - 4: {fileID: 1260982897}
  - 33: {fileID: 1260982901}
  - 136: {fileID: 1260982900}
  - 23: {fileID: 1260982899}
  - 114: {fileID: 1260982898}
  - 195: {fileID: 1260982896}
  - 114: {fileID: 1260982902}
  m_Layer: 0
  m_Name: Player
  m_TagString: Untagged
  m_Icon: {fileID: 0}
  m_NavMeshLayer: 0
  m_StaticEditorFlags: 0
  m_IsActive: 1
--- !u!195 &1260982896
NavMeshAgent:
  m_ObjectHideFlags: 0
  m_PrefabParentObject: {fileID: 0}
  m_PrefabInternal: {fileID: 0}
  m_GameObject: {fileID: 1260982895}
  m_Enabled: 1
  m_Radius: 0.5
  m_Speed: 3.5
  m_Acceleration: 8
  avoidancePriority: 50
  m_AngularSpeed: 120
  m_StoppingDistance: 0
  m_AutoTraverseOffMeshLink: 1
  m_AutoBraking: 1
  m_AutoRepath: 1
  m_Height: 2
  m_BaseOffset: 1
  m_WalkableMask: 4294967295
  m_ObstacleAvoidanceType: 4
--- !u!4 &1260982897
Transform:
  m_ObjectHideFlags: 0
  m_PrefabParentObject: {fileID: 4000011756372994, guid: eeb8b81f035b61545a824f8f2e6951c9,
    type: 2}
  m_PrefabInternal: {fileID: 0}
  m_GameObject: {fileID: 1260982895}
  m_LocalRotation: {x: -0, y: -0, z: -0, w: 1}
  m_LocalPosition: {x: 0, y: 1.04, z: 0}
  m_LocalScale: {x: 1, y: 1, z: 1}
  m_LocalEulerAnglesHint: {x: 0, y: 0, z: 0}
  m_Children:
  - {fileID: 1980549512}
  m_Father: {fileID: 342618159}
  m_RootOrder: 3
--- !u!114 &1260982898
MonoBehaviour:
  m_ObjectHideFlags: 0
  m_PrefabParentObject: {fileID: 114000011415004390, guid: eeb8b81f035b61545a824f8f2e6951c9,
    type: 2}
  m_PrefabInternal: {fileID: 0}
  m_GameObject: {fileID: 1260982895}
  m_Enabled: 1
  m_EditorHideFlags: 0
  m_Script: {fileID: 11500000, guid: dde5c33f5492a45489d1bde083097bae, type: 3}
  m_Name: 
  m_EditorClassIdentifier: 
  _rayLength: 4
  _visableUpVector: 1
  _visableDownVector: 1
  _visableLeftVector: 1
  _visableRightVector: 1
  _visableForwardVector: 1
  _visableBackVector: 1
--- !u!23 &1260982899
MeshRenderer:
  m_ObjectHideFlags: 0
  m_PrefabParentObject: {fileID: 23000012449738494, guid: eeb8b81f035b61545a824f8f2e6951c9,
    type: 2}
  m_PrefabInternal: {fileID: 0}
  m_GameObject: {fileID: 1260982895}
  m_Enabled: 1
  m_CastShadows: 1
  m_ReceiveShadows: 1
  m_MotionVectors: 1
  m_LightProbeUsage: 1
  m_ReflectionProbeUsage: 1
  m_Materials:
  - {fileID: 2100000, guid: 2a486cc13dfaa274687c5f3bc6c4b859, type: 2}
  m_SubsetIndices: 
  m_StaticBatchRoot: {fileID: 0}
  m_ProbeAnchor: {fileID: 0}
  m_LightProbeVolumeOverride: {fileID: 0}
  m_ScaleInLightmap: 1
  m_PreserveUVs: 1
  m_IgnoreNormalsForChartDetection: 0
  m_ImportantGI: 0
  m_SelectedWireframeHidden: 0
  m_MinimumChartSize: 4
  m_AutoUVMaxDistance: 0.5
  m_AutoUVMaxAngle: 89
  m_LightmapParameters: {fileID: 0}
  m_SortingLayerID: 0
  m_SortingOrder: 0
--- !u!136 &1260982900
CapsuleCollider:
  m_ObjectHideFlags: 0
  m_PrefabParentObject: {fileID: 136000013596000574, guid: eeb8b81f035b61545a824f8f2e6951c9,
    type: 2}
  m_PrefabInternal: {fileID: 0}
  m_GameObject: {fileID: 1260982895}
  m_Material: {fileID: 0}
  m_IsTrigger: 0
  m_Enabled: 1
  m_Radius: 0.5
  m_Height: 2
  m_Direction: 1
  m_Center: {x: 0, y: 0, z: 0}
--- !u!33 &1260982901
MeshFilter:
  m_ObjectHideFlags: 0
  m_PrefabParentObject: {fileID: 33000012153224702, guid: eeb8b81f035b61545a824f8f2e6951c9,
    type: 2}
  m_PrefabInternal: {fileID: 0}
  m_GameObject: {fileID: 1260982895}
  m_Mesh: {fileID: 10208, guid: 0000000000000000e000000000000000, type: 0}
--- !u!114 &1260982902
MonoBehaviour:
  m_ObjectHideFlags: 0
  m_PrefabParentObject: {fileID: 0}
  m_PrefabInternal: {fileID: 0}
  m_GameObject: {fileID: 1260982895}
  m_Enabled: 1
  m_EditorHideFlags: 0
  m_Script: {fileID: 11500000, guid: b625f858de70e0d418f8823189cc75ac, type: 3}
  m_Name: 
  m_EditorClassIdentifier: 
--- !u!1 &1784961983
GameObject:
  m_ObjectHideFlags: 0
  m_PrefabParentObject: {fileID: 0}
  m_PrefabInternal: {fileID: 0}
  serializedVersion: 4
  m_Component:
  - 4: {fileID: 1784961984}
  - 33: {fileID: 1784961987}
  - 65: {fileID: 1784961986}
  - 23: {fileID: 1784961985}
  m_Layer: 0
  m_Name: Cube
  m_TagString: Untagged
  m_Icon: {fileID: 0}
  m_NavMeshLayer: 0
  m_StaticEditorFlags: 4294967295
  m_IsActive: 1
--- !u!4 &1784961984
Transform:
  m_ObjectHideFlags: 0
  m_PrefabParentObject: {fileID: 0}
  m_PrefabInternal: {fileID: 0}
  m_GameObject: {fileID: 1784961983}
  m_LocalRotation: {x: 0, y: 0.68708754, z: 0, w: 0.7265747}
  m_LocalPosition: {x: 18.8, y: 3.2, z: -8.6}
  m_LocalScale: {x: 20, y: 20, z: 1}
  m_LocalEulerAnglesHint: {x: 0, y: 86.8, z: 0}
  m_Children: []
  m_Father: {fileID: 342618159}
  m_RootOrder: 4
--- !u!23 &1784961985
MeshRenderer:
  m_ObjectHideFlags: 0
  m_PrefabParentObject: {fileID: 0}
  m_PrefabInternal: {fileID: 0}
  m_GameObject: {fileID: 1784961983}
  m_Enabled: 1
  m_CastShadows: 1
  m_ReceiveShadows: 1
  m_MotionVectors: 1
  m_LightProbeUsage: 1
  m_ReflectionProbeUsage: 1
  m_Materials:
  - {fileID: 10303, guid: 0000000000000000f000000000000000, type: 0}
  m_SubsetIndices: 
  m_StaticBatchRoot: {fileID: 0}
  m_ProbeAnchor: {fileID: 0}
  m_LightProbeVolumeOverride: {fileID: 0}
  m_ScaleInLightmap: 1
  m_PreserveUVs: 1
  m_IgnoreNormalsForChartDetection: 0
  m_ImportantGI: 0
  m_SelectedWireframeHidden: 0
  m_MinimumChartSize: 4
  m_AutoUVMaxDistance: 0.5
  m_AutoUVMaxAngle: 89
  m_LightmapParameters: {fileID: 0}
  m_SortingLayerID: 0
  m_SortingOrder: 0
--- !u!65 &1784961986
BoxCollider:
  m_ObjectHideFlags: 0
  m_PrefabParentObject: {fileID: 0}
  m_PrefabInternal: {fileID: 0}
  m_GameObject: {fileID: 1784961983}
  m_Material: {fileID: 0}
  m_IsTrigger: 0
  m_Enabled: 1
  serializedVersion: 2
  m_Size: {x: 1, y: 1, z: 1}
  m_Center: {x: 0, y: 0, z: 0}
--- !u!33 &1784961987
MeshFilter:
  m_ObjectHideFlags: 0
  m_PrefabParentObject: {fileID: 0}
  m_PrefabInternal: {fileID: 0}
  m_GameObject: {fileID: 1784961983}
  m_Mesh: {fileID: 10202, guid: 0000000000000000e000000000000000, type: 0}
--- !u!1 &1980549511
GameObject:
  m_ObjectHideFlags: 0
  m_PrefabParentObject: {fileID: 1000013877171846, guid: eeb8b81f035b61545a824f8f2e6951c9,
    type: 2}
  m_PrefabInternal: {fileID: 0}
  serializedVersion: 4
  m_Component:
  - 4: {fileID: 1980549512}
  - 33: {fileID: 1980549515}
  - 136: {fileID: 1980549514}
  - 23: {fileID: 1980549513}
  m_Layer: 0
  m_Name: Hat
  m_TagString: Untagged
  m_Icon: {fileID: 0}
  m_NavMeshLayer: 0
  m_StaticEditorFlags: 0
  m_IsActive: 1
--- !u!4 &1980549512
Transform:
  m_ObjectHideFlags: 0
  m_PrefabParentObject: {fileID: 4000010329783360, guid: eeb8b81f035b61545a824f8f2e6951c9,
    type: 2}
  m_PrefabInternal: {fileID: 0}
  m_GameObject: {fileID: 1980549511}
  m_LocalRotation: {x: 0, y: 0, z: 0, w: 1}
  m_LocalPosition: {x: 0, y: 0.77, z: 0}
  m_LocalScale: {x: 1, y: 0.23382258, z: 1.0000005}
  m_LocalEulerAnglesHint: {x: 0, y: 0, z: 0}
  m_Children:
  - {fileID: 678497910}
  m_Father: {fileID: 1260982897}
  m_RootOrder: 0
--- !u!23 &1980549513
MeshRenderer:
  m_ObjectHideFlags: 0
  m_PrefabParentObject: {fileID: 23000012227047530, guid: eeb8b81f035b61545a824f8f2e6951c9,
    type: 2}
  m_PrefabInternal: {fileID: 0}
  m_GameObject: {fileID: 1980549511}
  m_Enabled: 1
  m_CastShadows: 1
  m_ReceiveShadows: 1
  m_MotionVectors: 1
  m_LightProbeUsage: 1
  m_ReflectionProbeUsage: 1
  m_Materials:
  - {fileID: 2100000, guid: 9b93329474e542044bec76ad536cfec1, type: 2}
  m_SubsetIndices: 
  m_StaticBatchRoot: {fileID: 0}
  m_ProbeAnchor: {fileID: 0}
  m_LightProbeVolumeOverride: {fileID: 0}
  m_ScaleInLightmap: 1
  m_PreserveUVs: 1
  m_IgnoreNormalsForChartDetection: 0
  m_ImportantGI: 0
  m_SelectedWireframeHidden: 0
  m_MinimumChartSize: 4
  m_AutoUVMaxDistance: 0.5
  m_AutoUVMaxAngle: 89
  m_LightmapParameters: {fileID: 0}
  m_SortingLayerID: 0
  m_SortingOrder: 0
--- !u!136 &1980549514
CapsuleCollider:
  m_ObjectHideFlags: 0
  m_PrefabParentObject: {fileID: 136000011376583260, guid: eeb8b81f035b61545a824f8f2e6951c9,
    type: 2}
  m_PrefabInternal: {fileID: 0}
  m_GameObject: {fileID: 1980549511}
  m_Material: {fileID: 0}
  m_IsTrigger: 0
  m_Enabled: 1
  m_Radius: 0.5
  m_Height: 2
  m_Direction: 1
  m_Center: {x: 0, y: 0, z: 0}
--- !u!33 &1980549515
MeshFilter:
  m_ObjectHideFlags: 0
  m_PrefabParentObject: {fileID: 33000013576428158, guid: eeb8b81f035b61545a824f8f2e6951c9,
    type: 2}
  m_PrefabInternal: {fileID: 0}
  m_GameObject: {fileID: 1980549511}
  m_Mesh: {fileID: 10206, guid: 0000000000000000e000000000000000, type: 0}
--- !u!1 &2120283163
GameObject:
  m_ObjectHideFlags: 0
  m_PrefabParentObject: {fileID: 1000012306278912, guid: eeb8b81f035b61545a824f8f2e6951c9,
    type: 2}
  m_PrefabInternal: {fileID: 0}
  serializedVersion: 4
  m_Component:
  - 4: {fileID: 2120283164}
  - 108: {fileID: 2120283165}
  m_Layer: 0
  m_Name: Directional Light
  m_TagString: Untagged
  m_Icon: {fileID: 0}
  m_NavMeshLayer: 0
  m_StaticEditorFlags: 0
  m_IsActive: 1
--- !u!4 &2120283164
Transform:
  m_ObjectHideFlags: 0
  m_PrefabParentObject: {fileID: 4000014117074866, guid: eeb8b81f035b61545a824f8f2e6951c9,
    type: 2}
  m_PrefabInternal: {fileID: 0}
  m_GameObject: {fileID: 2120283163}
  m_LocalRotation: {x: 0.40821788, y: -0.23456968, z: 0.10938163, w: 0.8754261}
  m_LocalPosition: {x: 2.3120575, y: 98.77, z: 2.777032}
  m_LocalScale: {x: 1, y: 1, z: 1}
  m_LocalEulerAnglesHint: {x: 50, y: -30, z: 0}
  m_Children: []
  m_Father: {fileID: 342618159}
  m_RootOrder: 1
--- !u!108 &2120283165
Light:
  m_ObjectHideFlags: 0
  m_PrefabParentObject: {fileID: 108000013139475468, guid: eeb8b81f035b61545a824f8f2e6951c9,
    type: 2}
  m_PrefabInternal: {fileID: 0}
  m_GameObject: {fileID: 2120283163}
  m_Enabled: 1
  serializedVersion: 7
  m_Type: 1
  m_Color: {r: 1, g: 0.95686275, b: 0.8392157, a: 1}
  m_Intensity: 1.4
  m_Range: 10
  m_SpotAngle: 30
  m_CookieSize: 10
  m_Shadows:
    m_Type: 2
    m_Resolution: -1
    m_CustomResolution: -1
    m_Strength: 1
    m_Bias: 0.05
    m_NormalBias: 0.4
    m_NearPlane: 0.2
  m_Cookie: {fileID: 0}
  m_DrawHalo: 0
  m_Flare: {fileID: 0}
  m_RenderMode: 0
  m_CullingMask:
    serializedVersion: 2
    m_Bits: 4294967295
  m_Lightmapping: 4
  m_AreaSize: {x: 1, y: 1}
  m_BounceIntensity: 1
  m_ShadowRadius: 0
  m_ShadowAngle: 0
